@online{archie,
  title = {Archie},
  author = {Emtage, Alan and Heelan, Bill and Deutsch, J. Peter},
  note = {Available at \url{http://archie.icm.edu.pl/archie-adv_eng.html}},
  year = 1990
}

@online{wolframalpha,
  title = {{WolframAlpha}},
  note = {Available at \url{http://www.wolframalpha.com/}},
  year = 2011
}

@online{siri,
  title = {{iPhone 4S} -- {Ask {Siri} to help you get things done}},
  author = {{Apple, Inc.}},
  note = {Available at \url{http://www.apple.com/iphone/features/siri.html}},
  year = 2011
}

@online{voiceactions,
  title = {{Voice Actions} for {Android}},
  author = {{Google, Inc.}},
  note = {Available at \url{http://www.google.com/mobile/voice-actions/}},
  year = 2011
}

@online{voicesearch,
  title = {{Voice Search} -- {Inside Google Search}},
  note = {Available at \url{http://www.google.com/insidesearch/voicesearch.html}},
  author = {{Google, Inc.}},
  year = 2011
}