@Misc{ijmis,
  author = {{P. Daras, A. Axenopoulos, V. Darlagiannis, D. Tzovaras, X. Le Bourdon, L. Joyeux, A. Verroust-Blondet, V. Croce, T. Steiner, A. Massari, A. Camurri, S. Morin, A-D. Mezaour, L. Sutton, and S. Spiller}},
  title =        {{Introducing a Unified Framework for Content Object Description}},
  howpublished = {{International Journal of Multimedia Intelligence and Security, Special Issue on ``Challenges in Scalable Context Aware Multimedia Computing", accepted for publication}},
  year =         {2010},  
  note =         {\url{http://www.inderscience.com/browse/index.php?journalID=359}}
}

@INPROCEEDINGS{nigay,
    author = {Laurence Nigay},
    title = {Design space for multimodal interaction},
    booktitle = {IFIP Congress Topical Sessions},
    year = {2004},
    pages = {403--408}
}