@article{ijmis2010,
  title = {Introducing a {Unified} {Framework} for {Content Object Description}},  author = {Daras, P and Axenopoulos, A and Darlagiannis, V and Tzovaras, D and Le Bourdon, X and Joyeux, L and others},
  journal = {Int. Journal of Multimedia Intelligence and Security (IJMIS)},
  year = 2011,
  pages = {351--375},
  issue = {3},
  volume = {2},
  publisher = {Inderscience Enterprises Ltd.}
}

@misc{freesound,
  author = {{Music Technology Group}},
  title = {{Freesound API}},
  note = {\url{http://tabasco.upf.edu/}},
  year = 2012
}
@misc{wunderground,  author = {{Weather Underground}},
  title = {{Weather API}},  note = {\url{http://www.wunderground.com/}},
  year = 2012
}

@misc{lookup,
  author = {Georgi Kobilarov},
  title = {{DBpedia Lookup Service}},
  note = {\url{http://lookup.dbpedia.org/}},
  year = {2012}
}
@misc{3dwarehouse,
  author = {{Google}},
  title = {{3D Warehouse}},
  note = {\url{http://sketchup.google.com/3dwarehouse}},
  year = 2012
}
@misc{flickr,
  author = {{Yahoo!}},
  title = {{Flickr API}},
  note = {\url{http://www.flickr.com/services/api}},
  year = 2012
}

@misc{youtube,  author = {{Google}},
  title = {{YouTube API}},
  note = {\url{http://code.google.com/apis/youtube/}},
  year = 2012
}

@inproceedings {dbpedia,
  author =      {SÃ¶ren Auer and Christian Bizer and Georgi Kobilarov and Jens Lehmann and others},
  title =       {{DBpedia: A Nucleus for a Web of Open Data}},
  booktitle =   {6$^{th}$ Int. Semantic Web Conference},
  year =        2007,
  pages =       {722--735}
}