@online{archie,
  title = {Archie},
  author = {Emtage, Alan and Heelan, Bill and Deutsch, J. Peter},
  note = {Avail. at \url{http://archie.icm.edu.pl/archie-adv_eng.html}},
  year = 1990
}

@online{wolframalpha,
  title = {{WolframAlpha}},
  note = {Avail. at \url{http://www.wolframalpha.com/}}
}

@online{siri,
  title = {Apple {iPhone 4S} -- {Ask {Siri} to help you get things done}},
  note = {Avail. at \url{http://www.apple.com/iphone/features/siri.html}},
}

@online{voiceactions,
  title = {Google {Voice Actions} for {Android}},
  note = {Avail. at \url{http://www.google.com/mobile/voice-actions/}},
  year = 2011
}

@online{voicesearch,
  title = {Google {Voice Search} -- {Inside Google Search}},
  note = {Avail. at \url{http://www.google.com/insidesearch/voicesearch.html}},
  year = 2011
}

# this is a hack, as the @journal format can't be used yet.
@misc{ijmis2010,
  title = {Introducing a {Unified} {Framework} for {Content Object Description}},  author = {Daras, P and Axenopoulos, A and Darlagiannis, V and others},
  howpublished = {\textit{Int. Journal of Multimedia Intelligence and Security (IJMIS)}. Accepted for publication. Avail. at \url{http://www.lsi.upc.edu/~tsteiner/papers/2010/rucod-specification-ijmis2010.pdf}},
  year = 2010  
}

# this is a hack, as the @journal format can't be used yet.
@misc{www2012,
  title = {{I-SEARCH -- A Multimodal Search Engine based on Rich Unified Content Description (RUCoD)}},  author = {Steiner, T. and Sutton, L. and Spiller, S. and others},
  howpublished = {\textit{Submitted to the European Projects Track at the 21\superscript{st} Int. World Wide Web Conf}. Under review. Avail. at \url{http://www.lsi.upc.edu/~tsteiner/papers/2012/isearch-multimodal-search-www2012.pdf}},
  year = 2012 
}

@online{multimodalitysun,
  title = {{Just Say ``Britney Spears'': Multi-Modal Search and On-Device Portals}},
  author = {Gail Rahn Frederick},
  year = 2009,
  month = mar,
  note = {Avail. at \url{http://java.sun.com/developer/technicalArticles/javame/odp/multimodal-odp/}}
}

@article{mudra2011,
  title = {{Mudra: A Unified Multimodal Interaction Framework}},
  author = {Hoste, L. and Dumas, B. and Signer, B.},
  year = 2011,
  note = {Avail. at \url{http://wise.vub.ac.be/sites/default/files/publications/ICMI2011.pdf}}
}

@inproceedings{pharos2009,
 author = {Bozzon, Alessandro and Brambilla, Marco and Fraternali, and others},
 title = {{PHAROS}: an audiovisual search platform},
 booktitle = {{Proceedings of the 32\superscript{nd} Int. ACM SIGIR Conf. on Research and Development in Information Retrieval}},
 series = {SIGIR '09},
 year = {2009},
 isbn = {978-1-60558-483-6},
 location = {Boston, MA, USA},
 pages = {841--841},
 numpages = {1},
 url = {http://doi.acm.org/10.1145/1571941.1572161},
 doi = {http://doi.acm.org/10.1145/1571941.1572161},
 acmid = {1572161},
 publisher = {ACM},
 address = {New York, NY, USA},
 keywords = {audiovideo, multimedia, search, search based application},
} 

@techreport{w3cmultimodal2003,
  title = {{W3C Multimodal Interaction Framework}},
  author = {James A. Larson, T.V. Raman, Dave Raggett},
  howpublished = {{W3C Note}},
  note = {Avail. at \url{http://www.w3.org/TR/mmi-framework/}},
  year = 2003,
  month = may
}

@online{emotionslider,
  author = {Greg Little},
  title = {{Smiley Slider}},
  note = {Avail. at \url{http://glittle.org/smiley-slider/}}
}

@inproceedings{wami,
  author    = {Alexander Gruenstein and Ian McGraw and Ibrahim Badr},
  title     = {{The WAMI Toolkit for Developing, Deploying, and Evaluating Web-accessible Multimodal Interfaces}},
  booktitle = {ICMI},
  year      = 2008,
  pages     = {141-148}
}

@inproceedings{mmm2012,
  author = {Jonas Etzold and Arnaud Brousseau and Paul Grimm and Thomas Steiner},
  title = {{Context-aware Querying for Multimodal Search Engines}},
  booktitle = {{18th Int. Conf. on MultiMedia Modeling (MMM 2012), Klagenfurt, Austria}},
  year = {January 4-6, 2012},
  note = {{http://www.lsi.upc.edu/~tsteiner/papers/2012/context-aware-querying-mmm2012.pdf}}
}

@inproceedings{Letessier11,
  author = {Pierre Letessier and Olivier Buisson and Alexis Joly},
  title = {Consistent visual words mining with adaptive sampling},
  booktitle = {ICMR},
  address = {Trento, Italy},
  year = 2011,
}

@online{geolocation,
  author = {Andrei Popescu},
  title = {{Geolocation API Specification -- Editor's Draft 10 February 2010}},  
  note = {Avail. at \url{http://dev.w3.org/geo/api/spec-source.html}}
}

@online{deviceorientation,
  author = {Steve Block and Andrei Popescu},
  title = {{DeviceOrientation Event Specification -- Editor's Draft 12 July 2011}},
  note = {Avail. at \url{http://dev.w3.org/geo/api/spec-source-orientation.html}}
}

@online{progressiveenhancement,
  author = {Steven Champeon},
  title = {{Progressive Enhancement and the Future of Web Design}},
  note = {Avail. at \url{http://www.hesketh.com/thought-leadership/our-publications/progressive-enhancement-and-future-web-design}}
}

@online{getusermedia,
  author = {Daniel C. Burnett and Anant Narayanan},
  title = {{getUserMedia: Getting access to local devices that can generate multimedia streams}},
  note = {Avail. at \url{http://dev.w3.org/2011/webrtc/editor/getusermedia.html}}
}

@online{collada,
  author = {{Khronos Group}},
  title = {{COLLADA - 3D Asset Exchange Schema}},
  note = {Avail. at \url{http://www.collada.org/}}
}

@online{canvas,
  author = {Ian Hickson},
  title = {{HTML5 -- The canvas element}},
  note = {Avail. at \url{http://www.w3.org/TR/html5/the-canvas-element.html#the-canvas-element}}
}

@online{speechinput,
  author = {Satish Sampath and Bjorn Bringert},
  title = {{Speech Input API Specification -- Editor's Draft 18 October 2010}},
  note = {Avail. at \url{http://www.w3.org/2005/Incubator/htmlspeech/2010/10/google-api-draft.html}}
}